@ARTICLE{ahlswede2000network,
    title={Network Information Flow},
    author={Ahlswede, Rudolf and Cai, Ning and Li, S-YR and Yeung, Raymond W},
    journal={Information Theory, IEEE Transactions on},
    volume={46},
    number={4},
    pages={1204--1216},
    year={2000},
    publisher={IEEE}	}

@INCOLLECTION{kodo2011pedersen,
	year={2011},
	isbn={978-3-642-23040-0},
	booktitle={Networking 2011 Workshops},
	volume={6827},
	series={Lecture Notes in Computer Science},
	doi={10.1007/978-3-642-23041-7_15},
	title={Kodo: An Open and Research Oriented Network Coding Library},
	url={http://dx.doi.org/10.1007/978-3-642-23041-7_15},
	publisher={Valencia, Spain},
	keywords={Network Coding; Implementation},
	author={Pedersen, M.V. and Heide, Janus and Fitzek, F.H.P.},
	pages={145-152},
	language={English}	}

@ARTICLE{ho2006random,
  	title={A Random Linear Network Coding Approach to Multicast},
    author={Ho, Tracey and M{\'e}dard, Muriel and Koetter, Ralf and Karger,
    David R and Effros, Michelle and Shi, Jun and Leong, Ben},
    journal={Information Theory, IEEE Transactions on},
    volume={52},
    number={10},
    pages={4413--4430},
    year={2006},
    publisher={IEEE}	}

@ARTICLE{fragouli2006network,
  	title={Network coding: an instant primer},
  	author={Fragouli, Christina and Le Boudec, Jean-Yves and Widmer, J{\"o}rg},
  	journal={ACM SIGCOMM Computer Communication Review},
  	volume={36},
  	number={1},
  	pages={63--68},
  	year={2006},
  	publisher={ACM}		}

@ARTICLE{koetter2003algebraic,
    author={Koetter, Ralf and M\'edard, Muriel},
    title={An Algebraic Approach to Network Coding},
    journal={IEEE/ACM Trans. Netw.},
    volume={11},
    number={5},
    year={2003},
    issn={1063-6692},
    pages={782--795},
    numpages={14},
    publisher={IEEE Press} }


@ARTICLE{eryilmaz2008delay,
    title={On the Delay and Throughput Gains of Coding in Unreliable Networks},
    author={Eryilmaz, Atilla and Ozdaglar, Asuman and M\'edard, Muriel
    and   Ahmed, Ebad},
    journal={Information Theory, IEEE Transactions on},
    volume={54},
    number={12},
    pages={5511--5524},
    year={2008},
    publisher={IEEE} }

@ARTICLE{trullols2011exact,
    title={Exact Decoding Probability Under Random Linear Network Coding},
    author={Trullols-Cruces, Oscar and Barcelo-Ordinas, Jose M and Fiore,
    Marco},
    journal={Communications Letters, IEEE},
    volume={15},
    number={1},
    pages={67--69},
    year={2011},
    publisher={IEEE} }

@ARTICLE{zhao2012notes,
    title={Notes on "Exact Decoding Probability Under Random Linear
    Network Coding"},
    author={Zhao, Xubo},
    journal={Communications Letters, IEEE},
    volume={16},
    number={5},
    pages={720--721},
    year={2012},
    publisher={IEEE} }

@INPROCEEDINGS{gkantsidis2005network,
    author={Christos Gkantsidis and Pablo Rodriguez},
    booktitle={IEEE INFOCOM},
    number={MSR-TR-2004-80},
    pages={12},
    title={Network Coding for Large Scale Content Distribution},
    year={2005} }

@ARTICLE{dimakis2010network,
    author={Dimakis, Alexandros G. and Godfrey, P. Brighten and Wu, Yunnan
    and Wainwright, Martin J. and Ramchandran, Kannan},
    title={Network Coding for Distributed Storage Systems},
    journal={IEEE Trans. Inf. Theor.},
    date={September 2010},
    volume={56},
    number={9},
    year={2010},
    issn={0018-9448},
    pages={4539--4551},
    numpages={13},
    publisher={IEEE Press} }

@ARTICLE{kim2014modeling,
    author={Kim, MinJi and Klein, T. and Soljanin, E. and
    Barros, J. and M\'edard, M.},
    journal={Mobile Networks and Applications },
    title={Modeling Network Coded TCP: Analysis of Throughput and Energy Cost},
    year={2014},
    month={December},
    volume={19},
    number={6},
    pages={790 - 803},
    ISSN={1383-469X} }

@MISC{QemuUserEmulation,
    title = {Qemu User Emulation},
    howpublished = {https://wiki.debian.org/QemuUserEmulation} }

@MISC{overlayroot,
    title = {Overlayroot},
    howpublished = {https://github.com/chesty/overlayroot} }

@MISC{raspbian,
    title = {The Raspbian Distro},
    howpublished = {https://www.raspbian.org} }

@MISC{kodocppdoc,
    title = {Kodo-cpp documentation},
    howpublished = {http://docs.steinwurf.com/kodo/kodo-cpp/index.html} }

@MISC{kodocpplink,
    title = {Kodo C++ bindings Git repository},
    howpublished = {https://github.com/steinwurf/kodo-cpp} }

@MISC{kodorlnclink,
    title = {Kodo-RLNC Git repository},
    howpublished = {https://github.com/steinwurf/kodo-rlnc} }

@MISC{waflink,
    title = {Waf. The metabuild system webpage},
    howpublished = {https://waf.io} }

@MISC{kodons3link,
    title = {Kodo examples for the ns-3 simulator Git repository},
    howpublished = {https://github.com/steinwurf/kodo-ns3-examples} }

@MISC{steinwurflicenselink,
    title = {Steinwurf Research License webpage},
    howpublished = {http://steinwurf.com/license} }

@MISC{kodons3tutorial,
    title = {Kodo-ns3-examples Documentation Read-the-docs Tutorial},
    howpublished = {http://kodo-ns3-examples.readthedocs.org/en/latest} }

@MISC{kodospecs,
    title = {Kodo Platform support},
    howpublished = {http://steinwurf.com/kodo-specifications} }

@MISC{steinwurf2016buildbot,
    title = {Steinwurf Buildbot},
    howpublished = {http://buildbot.steinwurf.dk/} }

@MISC{kododocs,
    title = {Kodo Documentation Read-the-docs Codecs Overview},
    howpublished = {http://kodo-docs.steinwurf.com} }

@MISC{fifi,
    title = {The C++11 Fifi (Finite Fields) library},
    howpublished = {https://github.com/steinwurf/fifi} }

@MISC{soerensen2016sparse,
    title = {Sparse Network Codes Implementation based in the Kodo Library},
    howpublished = {https://github.com/chres/kodo/tree/sparse-feedback2} }

@MISC{networkcodingunican,
    title = {Universidad de Cantabria Network Coding implementation on ns-3.13},
    howpublished = {https://github.com/dgomezunican/network-coding-ns3} }

@MISC{steinwurfresearchlicense,
    title = {Steinwurf Research License},
    howpublished = {http://steinwurf.com/research-license} }

@INPROCEEDINGS{ferreira2010neco,
    author={Diogo Ferreira and Lu\^{\i}sa Lima and Jo\"{a}o Barros},
    title={NECO: NEtwork COding Simulator},
    proceedings={2nd International ICST Conference on Simulation Tools
    and Techniques},
    publisher={ICST},
    proceedings={SIMUTOOLS},
    year={2010},
    month={5},
    keywords={network coding simulation topology random graph},
    doi={10.4108/ICST.SIMUTOOLS2009.5646} }

@MISC{koetter2006ncsimulations,
    title = {Software related to Network Coding},
    howpublished = {http://www.ifp.illinois.edu/{$\sim$}koetter/NWC/
    Software.html} }

@MISC{alwis2015ncsimulator,
    title = {Inter-Session Network Coding Simulator for Matlab},
    howpublished = {http://www.mathworks.com/matlabcentral/
    fileexchange/53750-network-coding-simulator} }

@MISC{ns3link,
    title = {ns-3 website},
    howpublished = {https://www.nsnam.org} }

@ARTICLE{katti2008xors,
    author={Katti, Sachin and Rahul, Hariharan and Hu, Wenjun and Katabi,
    Dina and M\'edard, Muriel and Crowcroft, Jon},
    journal={IEEE/ACM Trans. Netw.},
    number={3},
    pages={497-510},
    title={XORs in the air: Practical wireless network coding.},
    volume= {16},
    year={2008} }

@ARTICLE{chachulski2007more,
    author= {Chachulski, Szymon and Jennings, Michael and Katti, Sachin and
    Katabi, Dina},
    title={Trading Structure for Randomness in Wireless Opportunistic
    Routing},
    journal={SIGCOMM Comput. Commun. Rev.},
    volume={37},
    number={4},
    year={2007},
    issn={0146-4833},
    pages={169--180},
    numpages={12},
    publisher={ACM},
    address={New York, NY, USA} }

@inproceedings{lucani2009random,
  title={Random Linear Network Coding for Time Division Duplexing: Field Size Considerations},
  author={Lucani, Daniel Enrique and M{\'e}dard, Muriel and Stojanovic, Milica},
  booktitle={Global Telecommunications Conference, 2009. GLOBECOM 2009. IEEE},
  pages={1--6},
  year={2009},
  organization={IEEE}
}

@INBOOK{hundeboell2012catwoman,
    title={CATWOMAN: Implementation and Performance Evaluation of IEEE
    802.11 based Multi-Hop Networks using Network Coding},
    author={Martin Hundeb{\o}ll and Jeppe Leddet-Pedersen and Janus Heide and
    Pedersen, {Morten Videbæk} and Rein, {Stephan Alexander} and Frank Fitzek},
    year={2012},
    month={9},
    isbn={978-1-4673-1880-8},
    pages={1--5},
    booktitle={2012 IEEE Vehicular Technology Conference (VTC Fall)},
    publisher={IEEE Press} }

@INBOOK{krigslund2013core,
    title = {CORE: COPE with MORE in Wireless Meshed Networks},
    author = {Jeppe Krigslund and Jonas Hansen and Martin Hundeb{\o}ll and
    Lucani, {Daniel Enrique} and Frank Fitzek},
    year = {2013},
    isbn = {978-1-4673-6337-2},
    pages = {1--6},
    booktitle = {Vehicular Technology Conference (VTC Spring), 2013 IEEE 77th},
    publisher = {IEEE},
    address = {United States} }

@INPROCEEDINGS{paramanathan2014sharing,
    title={Sharing the Pi: Testbed Description and Performance Evaluation of
    Network Coding on the Raspberry Pi},
    author={Paramanathan, Achuthan and Pahlevani, Peyman and Thorsteinsson,
    Simon and Hundeb{\o}ll, Martin and Lucani, Daniel and Fitzek, Frank},
    booktitle={2014 IEEE 79th Vehicular Technology Conference},
    year={2014} }

@ARTICLE{paramanathan2013leanandmean,
    title={Lean and Mean: Network Coding for Commercial Devices},
    author={Achuthan Paramanathan and Pedersen, {Morten Videbæk} and Lucani,
    {Daniel Enrique} and Frank Fitzek and Marcos Katz},
    year={2013},
    volume={20},
    pages={54 -- 61},
    journal={IEEE Wireless Communications Magazine},
    issn={1536-1284},
    publisher={IEEE},
    number={5} }

@INPROCEEDINGS{seferoglu2011i2nc,
    author={Seferoglu, Hulya and Markopoulou, Athina and Ramakrishnan,
    K. K.},
    booktitle={INFOCOM},
    isbn={978-1-4244-9921-2},
    pages={1035-1043},
    publisher={IEEE},
    title={I2NC: Intra- and inter-session network coding for unicast
    flows in wireless networks.},
    year={2011} }

@ARTICLE{heide2015perpetual,
    author={Janus Heide and Morten Videb{\ae}k Pedersen and Frank H. P.
    Fitzek and Muriel M{\'{e}}dard},
    title= {Perpetual Codes for Network Coding},
    journal= {CoRR},
    volume= {abs/1509.04492},
    year= {2015},
    url= {http://arxiv.org/abs/1509.04492},
    timestamp= {Fri, 02 Oct 2015 08:12:24 +0200}}

@ARTICLE{lucani2014fulcrum,
    author={Daniel E. Lucani and Morten Videb{\ae}k Pedersen and
    Janus Heide and Frank H. P. Fitzek},
    title={Fulcrum Network Codes: {A} Code for Fluid Allocation of Complexity},
    journal={CoRR},
    volume={abs/1404.6620},
    year={2014},
    url={http://arxiv.org/abs/1404.6620},
    timestamp={Thu, 01 May 2014 14:56:20 +0200} }

@inproceedings{wunderlich2015network,
      title={Network Coding Parallelization Based on Matrix Operations for Multicore Architectures},
      author={Wunderlich, Simon and Cabrera, Juan and Fitzek, Frank HP and Pedersen, Morten V},
      booktitle={Ubiquitous Wireless Broadband (ICUWB), 2015 IEEE International Conference on},
      pages={1--5},
      year={2015},
      organization={IEEE} }

@INPROCEEDINGS{5061951,
author={H. Shojania and B. Li and X. Wang},
booktitle={INFOCOM 2009, IEEE},
title={Nuclei: GPU-Accelerated Many-Core Network Coding},
year={2009},
pages={459-467},
keywords={computer graphic equipment;encoding;local area networks;media streaming;multi-threading;multicast communication;multimedia servers;telecommunication traffic;8-core Intel Xeon server;AltiVec SIMD vector instruction;CPU-GPU encoding scenario;Gigabit Ethernet interface;NVidia 8800 GT GPU;Nuclei GPU-accelerated many-core network coding;PowerPC processor;SSE2 SIMD vector instruction;X86 processor;computational complexity;media streaming server;multicast session;multicore CPU;multicore server;multithreaded implementation;off-the-shelf graphics processing unit;optimal flow rate;Computational complexity;Computer networks;Encoding;Graphics;Hardware;Network coding;Network servers;Streaming media;Testing;Yarn},
doi={10.1109/INFCOM.2009.5061951},
ISSN={0743-166X},
month={April},}

@INPROCEEDINGS{4262451,
author={H. Shojania and B. Li},
booktitle={2007 Fifteenth IEEE International Workshop on Quality of Service},
title={Parallelized Progressive Network Coding With Hardware Acceleration},
year={2007},
pages={47-55},
keywords={computational complexity;decoding;AltiVec SIMD vector instructions;Gauss-Jordan elimination;Linux;Mac OS;PowerPC processors;Windows;computational complexity;hardware acceleration;multicast topologies;network throughput;parallelized progressive network coding;progressive decoding;symmetric multiprocessor;Acceleration;Computational complexity;Computer networks;Decoding;Gaussian processes;Hardware;Multicore processing;Network coding;Network topology;Throughput;AltiVec;Network coding;SSE2;hardware acceleration;parallelization;random linear codes},
doi={10.1109/IWQOS.2007.376547},
ISSN={1548-615X},
month={June},}

@article{lawson1979basic,
  title={Basic linear algebra subprograms for Fortran usage},
  author={Lawson, Chuck L and Hanson, Richard J. and Kincaid, David R and Krogh, Fred T.},
  journal={ACM Transactions on Mathematical Software (TOMS)},
  volume={5},
  number={3},
  pages={308--323},
  year={1979},
  publisher={ACM}
}

@book{golub2012matrix,
  title={Matrix computations},
  author={Golub, Gene H and Van Loan, Charles F},
  volume={3},
  year={2012},
  publisher={JHU Press}
}

@inproceedings{Dongarra:2011:HPM:2132876.2132885,
 author = {Dongarra, Jack and Faverge, Mathieu and Ltaief, Hatem and Luszczek, Piotr},
 title = {High Performance Matrix Inversion Based on LU Factorization for Multicore Architectures},
 booktitle = {Proceedings of the 2011 ACM International Workshop on Many Task Computing on Grids and Supercomputers},
 series = {MTAGS '11},
 year = {2011},
 isbn = {978-1-4503-1145-8},
 location = {Seattle, Washington, USA},
 pages = {33--42},
 numpages = {10},
 url = {http://doi.acm.org/10.1145/2132876.2132885},
 doi = {10.1145/2132876.2132885},
 acmid = {2132885},
 publisher = {ACM},
 address = {New York, NY, USA},
 keywords = {LU factorization, multicore parallel performance, runtime DAG scheduling},
}
@article{dumas2008dense,
  title={Dense linear algebra over word-size prime fields: the FFLAS and FFPACK packages},
  author={Dumas, Jean-Guillaume and Giorgi, Pascal and Pernet, Cl{\'e}ment},
  journal={ACM Transactions on Mathematical Software (TOMS)},
  volume={35},
  number={3},
  pages={19},
  year={2008},
  publisher={ACM}
}
@inproceedings{dumas2002linbox,
  title={LinBox: A generic library for exact linear algebra},
  author={Dumas, Jean-Guillaume and Gautier, Thierry and Giesbrecht, Mark and Giorgi, Pascal and Hovinen, Bradford and Kaltofen, Erich and Saunders, B David and Turner, Will J and Villard, Gilles and others},
  booktitle={Proceedings of the 2002 International Congress of Mathematical Software, Beijing, China},
  pages={40--50},
  year={2002},
  organization={World Scientific Pub}
}
@article{gallager1962low,
  title={Low-density parity-check codes},
  author={Gallager, Robert G},
  journal={Information Theory, IRE Transactions on},
  volume={8},
  number={1},
  pages={21--28},
  year={1962},
  publisher={IEEE}
}
@article{reed1960polynomial,
  title={Polynomial codes over certain finite fields},
  author={Reed, Irving S and Solomon, Gustave},
  journal={Journal of the society for industrial and applied mathematics},
  volume={8},
  number={2},
  pages={300--304},
  year={1960},
  publisher={SIAM}
}
@inproceedings{katabi2006practical,
  title={On practical network coding for wireless environments},
  author={Katabi, Dina and Katti, Sachin and Hu, Wenjun and Rahul, Hariharan and Medard, Muriel},
  booktitle={Communications, 2006 International Zurich Seminar on},
  pages={84--85},
  year={2006},
  organization={IEEE}
}
@inproceedings{pedersen2008implementation,
  title={Implementation and performance evaluation of network coding for cooperative mobile devices},
  author={Pedersen, Morten V and Fitzek, Frank HP},
  booktitle={Communications Workshops, 2008. ICC Workshops' 08. IEEE International Conference on},
  pages={91--96},
  year={2008},
  organization={IEEE}
}
@inproceedings{hundeboll2012catwoman,
  title={Catwoman: Implementation and performance evaluation of ieee 802.11 based multi-hop networks using network coding},
  author={Hundeb{\o}ll, Martin and Ledet-Pedersen, Jeppe and Heide, Janus and Pedersen, Morten V and Rein, Stephan A and Fitzek, Frank HP},
  booktitle={Vehicular Technology Conference (VTC Fall), 2012 IEEE},
  pages={1--5},
  year={2012},
  organization={IEEE}
}
@article{johnson2008simple,
  title={Simple pragmatic approach to mesh routing using BATMAN},
  author={Johnson, David and Ntlatlapa, Ntsibane and Aichele, Corinna},
  year={2008}
}
@inproceedings{pahlevani2013playncool,
  title={Playncool: opportunistic network coding for local optimization of routing in wireless mesh networks},
  author={Pahlevani, Peyman and Lucani, Daniel E and Pedersen, Morten V and Fitzek, Frank HP},
  booktitle={Globecom Workshops (GC Wkshps), 2013 IEEE},
  pages={812--817},
  year={2013},
  organization={IEEE}
}
@inproceedings{feizi2014tunable,
  title={Tunable sparse network coding for multicast networks},
  author={Feizi, Soheil and Lucani, Daniel E and Sorensen, Chres W and Makhdoumi, Ali and Medard, Muriel},
  booktitle={Network Coding (NetCod), 2014 International Symposium on},
  pages={1--6},
  year={2014},
  organization={IEEE}
}

@inproceedings{realworld_nc2013,
author={M. V. Pedersen and D. E. Lucani and F. H. P. Fitzek and C. W. Soerensen and A. S. Badr},
booktitle={Information Theory Workshop (ITW), 2013 IEEE},
title={Network coding designs suited for the real world: What works, what doesn't, what's promising},
year={2013},
pages={1-5},
month={Sept}
}

@inproceedings{practicalview_tsnc2015,
author={C. W. Sorensen and A. S. Badr and J. A. Cabrera and D. E. Lucani and J. Heide and F. H. P. Fitzek},
booktitle={European Wireless 2015; 21th European Wireless Conference; Proceedings of},
title={A Practical View on Tunable Sparse Network Coding},
year={2015},
pages={1-6},
month={May}
}

@article{cisco2011forecast,
    title = {The Internet of Things: How the next evolution of the Internet
    is changing everything},
    author={D. Evans},
    journal={CISCO. White Papers},
    volume={1},
    number={1},
    pages={1--11},
    year={2011},
    publisher={CISCO}
}